[gd_scene load_steps=17 format=3 uid="uid://ciqewnjr6xqa8"]

[ext_resource type="Script" path="res://Player/Player.cs" id="1_53r5u"]
[ext_resource type="Texture2D" uid="uid://jhlom38ijp25" path="res://Player/Sprites/PlayerTileSetInicial.png" id="2_7dv58"]
[ext_resource type="PackedScene" uid="uid://ci5wr6x5xtqox" path="res://Controller/controller.tscn" id="3_nigyd"]

[sub_resource type="Animation" id="Animation_qeqtb"]
resource_name = "Dead"
tracks/0/type = "value"
tracks/0/imported = false
tracks/0/enabled = true
tracks/0/path = NodePath("Sprite2D:frame")
tracks/0/interp = 1
tracks/0/loop_wrap = true
tracks/0/keys = {
"times": PackedFloat32Array(0),
"transitions": PackedFloat32Array(1),
"update": 1,
"values": [8]
}

[sub_resource type="Animation" id="Animation_dtmuv"]
resource_name = "Fall"
tracks/0/type = "value"
tracks/0/imported = false
tracks/0/enabled = true
tracks/0/path = NodePath("Sprite2D:frame")
tracks/0/interp = 1
tracks/0/loop_wrap = true
tracks/0/keys = {
"times": PackedFloat32Array(0),
"transitions": PackedFloat32Array(1),
"update": 1,
"values": [4]
}
tracks/1/type = "value"
tracks/1/imported = false
tracks/1/enabled = true
tracks/1/path = NodePath("Sprite2D:scale")
tracks/1/interp = 1
tracks/1/loop_wrap = true
tracks/1/keys = {
"times": PackedFloat32Array(0, 0.2, 0.8),
"transitions": PackedFloat32Array(1, 1.10957, 1),
"update": 0,
"values": [Vector2(1.6, 1.6), Vector2(0, 0), Vector2(1e-05, 1e-05)]
}

[sub_resource type="Animation" id="Animation_ss02g"]
resource_name = "IdleDown"
tracks/0/type = "value"
tracks/0/imported = false
tracks/0/enabled = true
tracks/0/path = NodePath("Sprite2D:frame")
tracks/0/interp = 1
tracks/0/loop_wrap = true
tracks/0/keys = {
"times": PackedFloat32Array(0),
"transitions": PackedFloat32Array(1),
"update": 1,
"values": [4]
}

[sub_resource type="Animation" id="Animation_7md3w"]
resource_name = "IdleLeft"
tracks/0/type = "value"
tracks/0/imported = false
tracks/0/enabled = true
tracks/0/path = NodePath("Sprite2D:frame")
tracks/0/interp = 1
tracks/0/loop_wrap = true
tracks/0/keys = {
"times": PackedFloat32Array(0),
"transitions": PackedFloat32Array(1),
"update": 1,
"values": [2]
}

[sub_resource type="Animation" id="Animation_gjgpn"]
resource_name = "IdleRight"
tracks/0/type = "value"
tracks/0/imported = false
tracks/0/enabled = true
tracks/0/path = NodePath("Sprite2D:frame")
tracks/0/interp = 1
tracks/0/loop_wrap = true
tracks/0/keys = {
"times": PackedFloat32Array(0),
"transitions": PackedFloat32Array(1),
"update": 1,
"values": [0]
}

[sub_resource type="Animation" id="Animation_j5clo"]
resource_name = "IdleUp"
tracks/0/type = "value"
tracks/0/imported = false
tracks/0/enabled = true
tracks/0/path = NodePath("Sprite2D:frame")
tracks/0/interp = 1
tracks/0/loop_wrap = true
tracks/0/keys = {
"times": PackedFloat32Array(0),
"transitions": PackedFloat32Array(1),
"update": 1,
"values": [6]
}

[sub_resource type="Animation" id="Animation_xsnqo"]
resource_name = "MoveDown"
tracks/0/type = "value"
tracks/0/imported = false
tracks/0/enabled = true
tracks/0/path = NodePath("Sprite2D:frame")
tracks/0/interp = 1
tracks/0/loop_wrap = true
tracks/0/keys = {
"times": PackedFloat32Array(0),
"transitions": PackedFloat32Array(1),
"update": 1,
"values": [5]
}

[sub_resource type="Animation" id="Animation_woodi"]
resource_name = "MoveLeft"
tracks/0/type = "value"
tracks/0/imported = false
tracks/0/enabled = true
tracks/0/path = NodePath("Sprite2D:frame")
tracks/0/interp = 1
tracks/0/loop_wrap = true
tracks/0/keys = {
"times": PackedFloat32Array(0),
"transitions": PackedFloat32Array(1),
"update": 1,
"values": [3]
}

[sub_resource type="Animation" id="Animation_miiw8"]
resource_name = "MoveRight"
tracks/0/type = "value"
tracks/0/imported = false
tracks/0/enabled = true
tracks/0/path = NodePath("Sprite2D:frame")
tracks/0/interp = 1
tracks/0/loop_wrap = true
tracks/0/keys = {
"times": PackedFloat32Array(0),
"transitions": PackedFloat32Array(1),
"update": 1,
"values": [1]
}

[sub_resource type="Animation" id="Animation_0ud3e"]
resource_name = "MoveUp"
tracks/0/type = "value"
tracks/0/imported = false
tracks/0/enabled = true
tracks/0/path = NodePath("Sprite2D:frame")
tracks/0/interp = 1
tracks/0/loop_wrap = true
tracks/0/keys = {
"times": PackedFloat32Array(0),
"transitions": PackedFloat32Array(1),
"update": 1,
"values": [7]
}

[sub_resource type="Animation" id="Animation_y6enh"]
length = 0.001
tracks/0/type = "value"
tracks/0/imported = false
tracks/0/enabled = true
tracks/0/path = NodePath("Sprite2D:frame")
tracks/0/interp = 1
tracks/0/loop_wrap = true
tracks/0/keys = {
"times": PackedFloat32Array(0),
"transitions": PackedFloat32Array(1),
"update": 1,
"values": [0]
}
tracks/1/type = "value"
tracks/1/imported = false
tracks/1/enabled = true
tracks/1/path = NodePath("Sprite2D:scale")
tracks/1/interp = 1
tracks/1/loop_wrap = true
tracks/1/keys = {
"times": PackedFloat32Array(0),
"transitions": PackedFloat32Array(1),
"update": 0,
"values": [Vector2(1.6, 1.6)]
}

[sub_resource type="AnimationLibrary" id="AnimationLibrary_kcin6"]
_data = {
"Dead": SubResource("Animation_qeqtb"),
"Fall": SubResource("Animation_dtmuv"),
"IdleDown": SubResource("Animation_ss02g"),
"IdleLeft": SubResource("Animation_7md3w"),
"IdleRight": SubResource("Animation_gjgpn"),
"IdleUp": SubResource("Animation_j5clo"),
"MoveDown": SubResource("Animation_xsnqo"),
"MoveLeft": SubResource("Animation_woodi"),
"MoveRight": SubResource("Animation_miiw8"),
"MoveUp": SubResource("Animation_0ud3e"),
"RESET": SubResource("Animation_y6enh")
}

[sub_resource type="CircleShape2D" id="CircleShape2D_r5uks"]
radius = 15.0

[node name="Player" type="CharacterBody2D"]
position = Vector2(113, 110)
script = ExtResource("1_53r5u")

[node name="Sprite2D" type="Sprite2D" parent="."]
z_index = 100
z_as_relative = false
texture_filter = 1
texture_repeat = 1
position = Vector2(0, -9)
scale = Vector2(1.6, 1.6)
texture = ExtResource("2_7dv58")
hframes = 3
vframes = 3

[node name="AnimationSprite" type="AnimationPlayer" parent="Sprite2D"]
root_node = NodePath("../..")
libraries = {
"": SubResource("AnimationLibrary_kcin6")
}

[node name="DetectFire" type="Area2D" parent="."]
collision_layer = 0
collision_mask = 2

[node name="CollisionShape2D2" type="CollisionShape2D" parent="DetectFire"]
light_mask = 2
visibility_layer = 2
position = Vector2(0, -2)
shape = SubResource("CircleShape2D_r5uks")

[node name="CollisionShape2D" type="CollisionShape2D" parent="."]
position = Vector2(0, -2)
shape = SubResource("CircleShape2D_r5uks")

[node name="Controller" parent="." instance=ExtResource("3_nigyd")]

[node name="DetectFall" type="Area2D" parent="."]
collision_layer = 0
collision_mask = 4

[node name="CollisionShape2D2" type="CollisionShape2D" parent="DetectFall"]
light_mask = 4
visibility_layer = 4
position = Vector2(0, -2)
shape = SubResource("CircleShape2D_r5uks")

[connection signal="MoveDown" from="Controller" to="." method="moveDown"]
[connection signal="MoveLeft" from="Controller" to="." method="moveLeft"]
[connection signal="MoveRight" from="Controller" to="." method="moveRight"]
[connection signal="MoveUp" from="Controller" to="." method="moveUp"]
[connection signal="PlaceBomb" from="Controller" to="." method="placeBomb"]
